
@article{malik2020biomodels,
  title={BioModels--15 years of sharing computational models in life science},
  author={Malik-Sheriff, Rahuman S and Glont, Mihai and Nguyen, Tung VN and Tiwari, Krishna and Roberts, Matthew G and Xavier, Ashley and Vu, Manh T and Men, Jinghao and Maire, Matthieu and Kananathan, Sarubini and others},
  journal={Nucleic acids research},
  volume={48},
  number={D1},
  pages={D407--D415},
  year={2020},
  publisher={Oxford University Press}
}

@manual{rfc2119,
  title={Key words for use in RFCs to Indicate Requirement Levels},
  author={Bradner, S.},
  series={RFC},
  number={2119},
  year={1997},
  month={Mar},
  doi={10.17487/RFC2119},
  url={https://www.rfc-editor.org/info/rfc2119}
}

